@online{b1,
    author    = "",
    title     = "LajpatNagarJunction Traffic Video",
    url       = "https://www.cse.iitd.ac.in/~rijurekha/cop290_2021.html",
    year      = "2021",
    keywords  = "news_article"
}

@online{b2,
    author    = "OpenCV",
    title     = "OpenCV Warp Perspective",
    url       = "https://docs.opencv.org/master/da/d54/group__imgproc__transform.html#gaf73673a7e8e18ec6963e3774e6a94b87",
    year      = "",
    keywords  = "news_article"
}

@online{b3,
    author    = "Thomas Macaulay | TNW",
    title     = "Some Teslas have been tricked into speeding by tape stuck on road signs",
    url       = "https://thenextweb.com/neural/2020/02/19/some-teslas-have-been-tricked-into-speeding-by-tape-stuck-on-road-signs/",
    year      = "2020",
    keywords  = "news_article"
}

@inproceedings{b4,
  title={Two-frame motion estimation based on polynomial expansion},
  author={Farneb{\"a}ck, Gunnar},
  booktitle={Scandinavian conference on Image analysis},
  pages={363--370},
  year={2003},
  organization={Springer}
}

@inproceedings{b5,
  title={An iterative image registration technique with an application to stereo vision},
  author={Lucas, Bruce D and Kanade, Takeo and others},
  year={1981},
  organization={Vancouver, British Columbia}
}

@online{b11,
    author    = "Thomas Macaulay | TNW",
    title     = "Some Teslas have been tricked into speeding by tape stuck on road signs",
    url       = "https://thenextweb.com/neural/2020/02/19/some-teslas-have-been-tricked-into-speeding-by-tape-stuck-on-road-signs/",
    year      = "2020",
    keywords  = "news_article"
}



@online{b8,
  author =       "Vanessa Buhrmester, David Münch, Michael Arens",
  title =        "Analysis of Explainers of Black Box Deep Neural
Networks for Computer Vision: A Survey",
  year =         "2019",
  url =          "https://arxiv.org/abs/1911.12116",
  keywords =     "research_paper"
}

@online{b9,
  author =       "Jiawei Su, Danilo Vasconcellos Vargas, Sakurai Kouichi",
  title =        "One pixel attack for fooling deep neural networks",
  year =         "2019",
  url =          "https://arxiv.org/abs/1710.08864",
  keywords =     "research_paper"
}

@online{b10,
  author =       "Juncheng Li, Frank R. Schmidt, J. Zico Kolter",
  title =        "Adversarial camera stickers: A physical camera-based attack on deep learning systems",
  year =         "2019",
  url =          "https://arxiv.org/abs/1904.00759",
  keywords =     "research_paper"
}

@article{b12,
  author =       "Fanny Coudert",
  title =        "When video cameras watch and screen: Privacy implications of pattern recognition technologies",
  journal =      "Computer Law \& Security Review",
  volume =       "26",
  number =       "4",
  pages =        "377-384",
  year =         "2010",
  DOI =          "https://doi.org/10.1016/j.clsr.2010.03.007",
  keywords =     "research_paper"
}



@online{b14,
  title =        "China Is Profiling a Minority Group Using AI Technology",
  year =         "2019",
  url =          "https://internetpolicy.mit.edu/news-china-is-profiling-a-minority-group-using-ai-technology/",
  keywords =     "news_article"
}


@online{b15,
  author =       "Stephen Buranyi | The Guardian",
  title =        "Adversarial camera stickers: A physical camera-based attack on deep learning systems",
  year =         "2017",
  url =          "https://www.theguardian.com/inequality/2017/aug/08/rise-of-the-racist-robots-how-ai-is-learning-all-our-worst-impulses",
  keywords =     "research_paper"
}


@online{b16,
  title =        "Law Enforcement and Juvenile Crime",
  url =          "https://www.ojjdp.gov/ojstatbb/crime/ucr.asp",
  keywords =     "web"
}

@online{b17,
  author =       "Ziad Obermeyer, Brian Powers and Christine Vogeli and Sendhil Mullainathan",
  title =        "Dissecting racial bias in an algorithm used to manage the health of populations",
  year =         "2019",
  url =          "https://science.sciencemag.org/content/366/6464/447.abstract",
  keywords =     "research_paper"
}

@online{b18,
  author =       "Sachit Menon, Alexandru Damian and Shijia Hu and Nikhil Ravi and Cynthia Rudin",
  title =        "PULSE: Self-Supervised Photo Upsampling via Latent Space Exploration of Generative Models",
  year =         "2020",
  url =          "https://arxiv.org/abs/2003.03808",
  keywords =     "research_paper"
}

@online{b19,
  author =       "James Vincent | TheVerge",
  title =        "What a machine learning tool that turns Obama white can (and can’t) tell us about AI bias",
  year =         "2020",
  url =          "https://www.theverge.com/21298762/face-depixelizer-ai-machine-learning-tool-pulse-stylegan-obama-bias",
  keywords =     "news_article"
}

@online{b20,
  author =       "The Guardian",
  title =        "Google says sorry for racist auto-tag in photo app",
  year =         "2015",
  url =          "https://www.theguardian.com/technology/2015/jul/01/google-sorry-racist-auto-tag-photo-app",
  keywords =     "news_article"
}

@online{b21,
  title =        "Black person with hand-held thermometer = firearm",
  year =         "2020",
  url =          "https://twitter.com/nicolaskb/status/1244921742486917120",
  keywords =     "twitter"
}

@online{b22,
  author =       "Nicolas Kayser-Bril",
  title =        "Google apologizes after its Vision AI produced racist results",
  year =         "2020",
  url =          "https://algorithmwatch.org/en/story/google-vision-racism/",
  keywords =     "news_article"
}


@online{b23,
  author =       "Kyle L. Wiggers | VentureBeat",
  title =        "Researchers discover evidence of gender bias in major computer vision APIs",
  year =         "2020",
  url =          "https://venturebeat.com/2020/08/06/researchers-discover-evidence-of-gender-bias-in-major-computer-vision-apis/",
  keywords =     "news_article"
}


@online{b24,
  author =       "Joy Buolamwini, Timnit Gebru ",
  journal =      "Proceedings of the 1st Conference on Fairness, Accountability and Transparency",
  volume =       "81",
  pages =        "77-91",
  title =        "Gender Shades: Intersectional Accuracy Disparities in Commercial Gender Classification",
  year =         "2018",
  url =          "http://proceedings.mlr.press/v81/buolamwini18a.html",
  keywords =     "news_article"
}

@online{b25,
  author =       "Jennifer Langston",
  title =        "Who’s a CEO? Google image results can shift gender biases",
  year =         "2015",
  url =          "https://www.washington.edu/news/2015/04/09/whos-a-ceo-google-image-results-can-shift-gender-biases/",
  keywords =     "news_article"
}



@online{b29,
  author =       "Mikael Lauronen",
  title =        "ETHICAL ISSUES IN TOPICAL COMPUTER VISION APPLICATIONS",
  year =         "2017",
  url =          "https://pdfs.semanticscholar.org/e742/7cbf5aa50047dbdd9b4d759dca9736f77959.pdf",
  keywords =     "research_paper"
}

@online{b30,
  author =       "Daksh Thapar1, Chetan Arora, and Aditya Nigam",
  title =        "Is Sharing of Egocentric Video Giving Away Your Biometric Signature?",
  year =         "2020",
  url =          "https://www.cse.iitd.ac.in/~chetan/papers/daksh-eccv-2020.pdf",
  keywords =     "research_paper"
}

@online{b31,
  author =       "Paul Mozur | NewYork Times",
  title =        "One Month, 500,000 Face Scans: How China Is Using A.I. to Profile a Minority",
  year =         "2019",
  url =          "https://www.nytimes.com/2019/04/14/technology/china-surveillance-artificial-intelligence-racial-profiling.html?searchResultPosition=3",
  keywords =     "news_article"
}

@online{b33,
  author =       "The Guardian",
  title =        "A robot wrote this entire article. Are you scared yet, human?",
  year =         "2020",
  url =          "https://www.theguardian.com/commentisfree/2020/sep/08/robot-wrote-this-article-gpt-3",
  keywords =     "news_article"
}

@online{b34,
  author =       "Will Douglas Heaven | MIT Technology Review",
  title =        "OpenAI’s new language generator GPT-3 is shockingly good—and completely mindless",
  year =         "2020",
  url =          "https://www.technologyreview.com/2020/07/20/1005454/openai-machine-learning-language-generator-gpt-3-nlp/",
  keywords =     "news_article"
}
@online{b35,
  author =       "Aliaksandr Siarohin, Stéphane Lathuilière and Sergey Tulyakov and Elisa Ricci and Nicu Sebe",
  title =        "First Order Motion Model for Image Animation",
  year =         "2019",
  url =          "http://papers.nips.cc/paper/8935-first-order-motion-model-for-image-animation",
  keywords =     "research_paper"
}
@online{b36,
  author =       "Aliaksandr Siarohin, Stéphane Lathuilière and Sergey Tulyakov and Elisa Ricci and Nicu Sebe",
  title =        "first-order-model",
  year =         "2020",
  url =          "https://github.com/AliaksandrSiarohin/first-order-model",
  keywords =     "github_code"
}
@online{b37,
  author =       "Ivan Perov et al.",
  title =        "DeepFaceLab",
  year =         "2020",
  url =          "https://github.com/iperov/DeepFaceLab",
  keywords =     "github_code"
}

@online{b38,
  author =       "In Event of Moon Disaster | MIT",
  title =        "In Event of Moon Disaster - FULL FILM",
  year =         "2020",
  url =          "https://www.youtube.com/watch?v=LWLadJFI8Pk",
  keywords =     "video"
}

@online{b41,
  author =       "Thomas Winkler, Bernhard Rinner",
  title =        "A systematic approach towards user-centric privacy and security for smart camera networks",
  year =         "2010",
  journal =      "Fourth ACM/IEEE International Conference on Distributed Smart Cameras",
  doi =          "https://www.researchgate.net/deref/http%3A%2F%2Fdx.doi.org%2F10.1145%2F1865987.1866009",
  keywords =     "research_paper"
}

@online{b43,
  author =       "Michael Skirpan and Tom Yeh",
  title =        "Designing a Moral Compass for the Future of Computer Vision Using Speculative Analysis",
  publisher =    "IEEE",
  year =         "2017",
  doi =          "https://doi.org/10.1109/CVPRW.2017.179",
  keywords =     "research_paper"
}

@online{b50,
  author =       "Vanessa Buhrmester, David Münch and Michael Arens",
  title =        "Analysis of Explainers of Black Box Deep Neural Networks for Computer Vision: A Survey",
  year =         "2019",
  url =          "https://arxiv.org/abs/1911.12116",
  keywords =     "research_paper"
}

@online{b51,
  author =       "Ruben Tolosana, Ruben Vera-Rodriguez and Julian Fierrez and Aythami Morales and Javier Ortega-Garcia",
  title =        "DeepFakes and Beyond: A Survey of Face Manipulation and Fake Detection",
  year =         "2020",
  url =          "https://arxiv.org/abs/2001.00179v3",
  keywords =     "research_paper"
}

@online{b52,
  author =       "Krystal Rogers-Nelson",
  title =        "How machine learning is changing identity theft detection",
  year =         "2019",
  url =          "https://bigdata-madesimple.com/how-machine-learning-is-changing-identity-theft-detection/",
  keywords =     "news_article"
}

@online{b53,
  author =       "Angelina Wang, Arvind Narayanan and Olga Russakovsky",
  title =        "REVISE: A Tool for Measuring and Mitigating Bias in Visual Datasets",
  year =         "2020",
  url =          "https://arxiv.org/abs/2004.07999",
  keywords =     "research_paper"
}
